@misc{wikipediaLevenshteinDistance,
	author = {},
	title = {{L}evenshtein distance - {W}ikipedia --- en.wikipedia.org},
	howpublished = {\url{https://en.wikipedia.org/wiki/Levenshtein_distance}},
	year = {},
	note = {[Accessed 25-10-2025]},
}

@misc{wikipediaWagnerFischerAlgorithm,
	author = {},
	title = {{W}agnerâ€“{F}ischer algorithm - {W}ikipedia --- en.wikipedia.org},
	howpublished = {\url{https://en.wikipedia.org/wiki/Wagner%E2%80%93Fischer_algorithm}},
	year = {},
	note = {[Accessed 25-10-2025]},
}

@misc{wikipediaBKtreeWikipedia,
	author = {},
	title = {{B}{K}-tree - {W}ikipedia --- en.wikipedia.org},
	howpublished = {\url{https://en.wikipedia.org/wiki/BK-tree}},
	year = {},
	note = {[Accessed 25-10-2025]},
}

@misc{wikipediaVantagepointTree,
	author = {},
	title = {{V}antage-point tree - {W}ikipedia --- en.wikipedia.org},
	howpublished = {\url{https://en.wikipedia.org/wiki/Vantage-point_tree}},
	year = {},
	note = {[Accessed 25-10-2025]},
}

@misc{wikipediaTrieWikipedia,
	author = {},
	title = {{T}rie - {W}ikipedia --- en.wikipedia.org},
	howpublished = {\url{https://en.wikipedia.org/wiki/Trie}},
	year = {},
	note = {[Accessed 25-10-2025]},
}
