@inproceedings{Hagerup1993,
title        = {Maintaining Discrete Probability Distributions Optimally},
author       = {Hagerup, Torben and Mehlhorn, Kurt and Munro, J. Ian},
booktitle    = {Proceedings of the 20th International Colloquium on Automata, Languages and Programming},
series       = {Lecture Notes in Computer Science},
volume       = 700,
pages        = {253--264},
year         = 1993,
publisher    = {Springer-Verlag},
address      = {Berlin},
}

@inproceedings{fan2014Cuckoo,
author = {Fan, Bin and Andersen, Dave G. and Kaminsky, Michael and Mitzenmacher, Michael D.},
title = {Cuckoo Filter: Practically Better Than Bloom},
year = {2014},
isbn = {9781450332798},
publisher = {Association for Computing Machinery},
address = {New York, NY, USA},
url = {https://doi.org/10.1145/2674005.2674994},
doi = {10.1145/2674005.2674994},
booktitle = {Proceedings of the 10th ACM International on Conference on Emerging Networking Experiments and Technologies},
pages = {75â€“88},
numpages = {14},
keywords = {bloom filters, compression, cuckoo hashing},
location = {Sydney, Australia},
series = {CoNEXT '14}
}
